@inproceedings{nielsen1994heuristic,
    title={{Heuristic evaluation}},
    author={Nielsen, Jakob},
    booktitle={Usability Inspection Methods},
    pages={25--62},
    year={1994},
    address={n.p.},
    publisher={John Wiley \& Sons, Inc.}
}
